3234 4926
377 687 384 698 ¹
487 561 742 740 numnam
780 644 879 740 ΑΒ
909 651 987 752 Μ,
1013 645 1076 734 est·
1107 647 1229 734 etiarn
1272 670 1441 770 tangens

486 767 938 864 mnmncn.

698 1022 1050 1104 SCHOLION
1123 1023 1233 1101 ΙΙΙ.

547 1255 589 1344 sl
621 1256 663 1340 in
701 1256 841 1375 aliquo
877 1257 1028 1372 ponito
1072 1260 1112 1341 D
1146 1253 1315 1364 alicujus
1353 1280 1449 1342 cnr·

355 1409 364 1444 ²
487 1403 603 1480 vae,
647 1405 735 1487 pars
779 1384 816 1460 X
859 1375 1161 1488 Mlordinatae
1202 1379 1229 1462 S
1271 1382 1346 1478 M,
1379 1379 1447 1459 in-

342 1489 356 1516 “
485 1519 664 1608 tercepta
707 1501 813 1580 inter
858 1523 1051 1598 curvam,
1089 1502 1130 1580 &
1175 1517 1410 1606 tangentem
1427 1491 1452 1596 ,'

410 1657 414 1664 ·
483 1616 627 1700 evadat
659 1613 791 1696 nihilo
819 1615 1023 1728 aequalis,
1048 1636 1117 1696 aut
1144 1609 1337 1712 infinita,
1361 1613 1447 1694 hoc

482 1735 567 1836 est,
610 1729 636 1814 fi
681 1737 903 1843 intercepta
949 1733 1059 1812 XM
1100 1729 1248 1814 evadat
1286 1731 1449 1815 ordinis

481 1848 729 1960 superioris,
760 1853 825 1934 vel
850 1847 1057 1932 inferioris
1081 1849 1205 1932 relate
1233 1850 1281 1935 ad
1331 1849 1450 1934 ordi-

481 1997 573 2053 nem
618 1965 793 2076 ejusdern
823 1973 1075 2074 interceptae
1102 1968 1151 2052 in.
1168 1967 1257 2054 aliis
1285 1973 1451 2080 pannis

482 2116 671 2194 curvae,
712 2114 810 2173 tunc
852 2089 1118 2172 communiter
1175 2091 1450 2174 existimatum
1549 2147 1551 2156 ι

480 2213 541 2306 ¹est
569 2213 762 2323 punstnrn
791 2207 892 2293 illud
936 2229 1005 2289 aut
1045 2203 1124 2298 elle
1153 2213 1350 2318 punctum
1379 2213 1453 2293 fle.

482 2359 560 2414 xus
588 2329 810 2428 contrarii,
839 2349 910 2412 aur
938 2322 1160 2438 regrellusr
1195 2355 1333 2410 verum
1367 2329 1451 2413 hoc
1487 2323 1490 2330 ’

481 2445 724 2560 generaliter
768 2442 976 2552 loquendo
1018 2436 1164 2519 falsum
1201 2437 1285 2524 elle
1326 2464 1448 2548 patet

482 2592 532 2650 tx
561 2588 640 2664 eo,
667 2556 782 2676 qtiod
809 2561 853 2643 in
885 2556 1044 2666 ponstis
1075 2558 1231 2659 etiam,
1265 2559 1308 2638 in
1350 2561 1449 2670 qui-

480 2685 556 2766 bus
601 2701 783 2789 tangens·
813 2683 853 2757 D
895 2679 942 2754 M
985 2673 1218 2782 simpliciter
1256 2678 1446 2788 parallela

483 2796 567 2894 est,
598 2795 662 2878 vel
702 2792 892 2876 normalis
924 2789 1124 2874 diametro
1164 2796 1294 2897 BA,
1324 2800 1453 2887 inter.

479 2939 600 3030 cepta
629 2917 667 2997 X
698 2917 745 2998 M
786 2911 923 2996 evadit
966 2909 1104 3013 nulla,
1131 2912 1197 2996 vel
1240 2913 1443 3022 infinita,

477 3029 598 3122 sensu
628 3039 707 3137 iarn
754 3032 1007 3144 explicato,
1044 3025 1199 3144 ‘absque
1237 3063 1290 3120 eo
1329 3035 1445 3150 quod

480 3155 674 3270 pannum
707 3157 746 3237 D
772 3149 818 3234 fit
847 3155 1037 3264 poncium
1066 3154 1194 3236 flexos
1221 3161 1443 3261 contrarii,

483 3301 556 3362 aur
586 3267 809 3386 regrellus.
839 3273 971 3384 lgitnt
1003 3265 1078 3354 en'r
1097 3298 1183 3372 eo,
1211 3276 1325 3388 quod
1353 3302 1446 3387 pars
1584 3299 1586 3302 ’

485 3394 697 3476 ordinatae
739 3392 959 3500 intercepta
999 3392 1104 3472 inter
1153 3417 1360 3495 curvam,
1404 3402 1444 3480 δι

343 3603 352 3617 ‚
469 3532 722 3622 tangentem
752 3506 799 3589 fit
829 3506 960 3590 nihilo
988 3509 1207 3622 aequalis,
1234 3537 1304 3600 aut
1354 3512 1445 3598 infi.

446 3707 449 3714 ,
484 3632 671 3735 nirainil
700 3627 814 3715 aliud
841 3624 989 3713 inferri
1015 3630 1180 3744 potest,
1202 3627 1320 3836 quaen
1342 3659 1445 3744 pun·

1093 3772 1095 3778 ·
1316 3779 1382 3842 um
