3234 4926
159 619 265 701 tium
295 617 337 698 D
364 605 443 696 esse
479 610 671 722 pundium
704 609 903 722 peculiare
948 517 1119 719 edida,

106 765 109 770 ·
160 738 201 818 in
229 761 315 847 quo
342 730 411 818 vel
440 731 547 815 adest
576 729 795 818 maximum
818 732 1012 845 aliquod,
1055 736 1118 820 vel

159 856 398 955 minimum,
424 853 490 936 vel
521 854 712 962 putidum
743 855 870 938 flexus
894 856 1117 958 contrarii,

157 974 221 1059 vel
251 968 479 1086 regress'us.
522 976 581 1059 Ut
628 996 760 1058 autern
805 971 1118 1059 determinemus

157 1117 291 1178 utrum
310 1096 351 1175 in
380 1095 532 1203 pundio
549 1089 651 1176 Dsrt
682 1093 899 1178 maximum
921 1094 1115 1209 aliquod,

157 1239 230 1298 aut
261 1214 502 1315 minimum,
523 1213 587 1298 vel
618 1215 745 1302 flexus
774 1216 1028 1318 contrarius,
1049 1214 1115 1300 vel

154 1328 388 1444 regreffus,
416 1356 521 1442 puto
563 1333 708 1418 nullam
754 1336 872 1421 aliam
918 1337 1115 1420 tutiorem
1176 1392 1178 1397 .

153 1453 264 1533 viam
295 1477 369 1528 nos
398 1453 558 1556 ingredi
592 1450 729 1557 poiie,
761 1485 881 1568 quarn
908 1471 1113 1545 'recurren-

145 1567 212 1651 do
239 1567 289 1649 ad
320 1566 467 1672 puncta
496 1565 774 1663 S,Rinfinite
801 1577 984 1674 proxima
1012 1600 1116 1676 pun.

152 1689 221 1770 do
251 1688 311 1786 B,
354 1690 393 1768 dr
436 1677 659 1766 hincinde
699 1678 920 1766 abeodem
960 1687 1113 1794 pundio

152 1810 185 1890 B
216 1828 380 1916 accepta
411 1804 452 1884 in
479 1803 585 1884 linea
614 1793 951 1903 abscideram&
975 1799 1113 1892 obser·-

40 1977 43 1982 ι
152 1927 286 2012 vando
334 1947 467 2009 utrum
510 1916 620 2004 hisce
662 1922 823 2030 puntiis
863 1926 1112 2033 conveniant

153 2048 407 2146 ordinatae,
448 2041 474 2124 fi
516 2038 590 2125 stnt
647 2036 846 2152 pofitivae
883 2103 901 2143 ,
943 2070 997 2129 an
1039 2071 1113 2128 ne·

154 2169 349 2278 gativaea
374 2180 506 2246 utrum
551 2162 672 2246 etiam
703 2165 953 2272 interceptae
1001 2164 1109 2248 inter

156 2309 345 2384 curvam,
371 2287 412 2365 oc
440 2305 672 2394 tan-gentem
701 2278 774 2364 srnr
802 2277 1024 2393 positivae,
1056 2307 1109 2369 ao

151 2401 401 2512 negativae,
434 2400 530 2484 licet
572 2401 646 2486 sint
686 2396 957 2518 cujuscunque
1000 2403 1112 2496 ordi-

150 2521 212 2604 nis
269 2516 669 2606 infinitesnnotnmt
723 2553 817 2606 narn·
856 2552 908 2606 ex
963 2522 1110 2607 horum

149 2637 454 2725 combinatione
495 2632 618 2718 facile
639 2643 799 2728 eruitur
829 2666 950 2752 quana
979 2666 1110 2728 muta·

0 2838 1 2861 ,
67 2824 69 2828 ,
149 2761 304 2842 tionem
338 2748 476 2834 subeat
509 2775 630 2832 curva
662 2756 705 2831 in
735 2762 887 2862 pundio
932 2767 996 2845 D.
1044 2763 1107 2846 Sit

149 2879 289 2990 itaque
303 2933 317 2977 ,
332 2899 394 2955 ex.
412 2896 471 2984 gt.
487 2930 501 2970 ,
516 2869 707 2979 pundiuto
733 2874 779 2953 D
797 2895 943 2974 ¹curatae
960 2873 1052 2960 Ar>
1068 2883 1108 2966 C

149 2998 273 3098 tale,
325 3014 368 3077 ut
414 2994 637 3099 intercepta
681 2988 786 3073 inter
830 3013 1024 3094 curvam,
1066 2999 1107 3078 dt
1181 3034 1185 3040 ·

151 3139 388 3232 tangentem
418 3112 465 3196 N
492 3116 531 3196 D
553 3115 614 3194 M
640 3104 688 3191 stt.
729 3106 862 3194 nihiio
894 3111 1108 3224 aequalis,

149 3230 220 3320 feu
250 3229 501 3318 infinitesrma
532 3229 690 3315 ordinis
716 3227 934 3343 superioris
959 3319 961 3322 ,
984 3231 1107 3315 relate

152 3349 202 3436 ad
248 3349 432 3430 ordinem
478 3349 644 3426 aliarunt
700 3353 1018 3465 interceptarum
1065 3352 1109 3436 ia

106 3488 111 3492 ’
151 3467 321 3554 caeteris
354 3463 513 3573 punois
544 3454 717 3565 ejusdem
749 3455 926 3552 turvae'a
953 3467 1109 3554 suman·

39 3605 41 3608 ’
151 3611 218 3688 tut
247 3585 332 3671 duo
362 3585 510 3698 putida
538 3581 596 3688 S,
625 3581 661 3672 R
692 3581 786 3674 hinc
827 3583 925 3676 inde
951 3613 975 3672 a
1003 3613 1108 3697 pun-

980 3709 1050 3796 sto
