3234 4926
189 601 251 666 nc
298 567 477 688 proinde
510 573 577 662 ob‘
606 567 911 690 parallellsmum
967 491 1164 674 nassum

189 703 348 808 QO,
380 700 409 779 F
439 699 471 780 L
507 696 744 784 efformatut
789 703 957 816 angulus
999 705 1033 787 L
1064 707 1093 786 F
1122 711 1168 811 Q

185 817 387 937 aequalis
432 818 581 933 angulo
626 823 828 935 PQ03
877 818 944 908 sed
987 824 1158 938 angulus

186 939 231 1026 L
272 939 452 1048 Foest
482 938 762 1026 infinitesrmus
804 943 923 1052 primi
966 946 1161 1048 ordinis,

188 1060 303 1172 quia
322 1056 477 1142 iufistit
506 1063 615 1177 arcui
643 1063 748 1170 QL
777 1061 1037 1150 infinitelimo
1082 1067 1166 1175 pri-

189 1178 261 1262 mi
293 1176 471 1262 ordinis.
504 1183 614 1295 Ergo
646 1185 768 1268 ctiam
797 1186 968 1300 angulus
998 1192 1030 1270 P
1055 1190 1162 1296 QO

188 1299 282 1388 erit
308 1297 582 1404 infinitefirnus
614 1307 734 1416 primi
767 1305 942 1392 ordinis.
975 1309 1020 1391 ln
1051 1303 1162 1392 hisce

186 1419 640 1528 determinationibus,
680 1426 745 1513 vel
790 1457 903 1517 arcus
935 1431 1037 1516 PY
1081 1428 1160 1512 erit

191 1535 485 1616 infiniteslmus
517 1541 683 1614 secundi
715 1551 896 1638 ordinis,
928 1565 946 1643 (
977 1577 1065 1650 nam
1109 1545 1160 1633 ad

190 1651 417 1736 minimum
450 1644 602 1762 semper
633 1676 809 1736 remanet
840 1679 952 1738 arcus
981 1660 1013 1736 P
1044 1661 1163 1761 Qn-

187 1769 442 1858 finitefimus·
473 1767 633 1878 secundi
667 1771 850 1878 ordinis,
894 1801 941 1858 ac
987 1773 1159 1887 proinde

187 1890 468 1976 evanescente
500 1920 592 1977 arcu
622 1895 653 1974 P
683 1898 715 1978 B
746 1921 921 1981 remanet
964 1897 997 1982 B
1029 1900 1066 1980 Y
1098 1897 1161 1980 in-

184 2010 437 2098 finitesrmus
483 2008 644 2099 secundi
686 2015 840 2101 ordinis
886 2021 940 2114 );
985 2015 1053 2100 vel
1099 2041 1160 2099 ar·-

186 2158 272 2214 cus
303 2136 335 2212 P
366 2139 404 2215 Y
439 2133 494 2215 est
526 2131 802 2222 infinitesrmus
834 2136 964 2247 primi
986 2133 1160 2237 ordinis,

184 2250 263 2336 vel
312 2251 365 2333 est
411 2249 581 2366 linitus,
625 2247 696 2339 sed
744 2257 874 2339 minor
905 2250 1159 2338 semicirculo

182 2367 423 2484 quantitate
455 2367 599 2466 finita,
631 2372 696 2448 vel
727 2375 858 2449 minor
903 2369 1158 2452 semicirculo

187 2487 430 2602 quantitate
462 2481 825 2588 infinitcsrma,vcl
858 2487 1037 2600 aequalis
1067 2513 1158 2596 per·
1282 2505 1285 2512 ·

186 2607 305 2693 fedic
329 2601 617 2713 semicirculo,
649 2603 718 2688 vel
750 2613 876 2713 major
924 2609 1154 2718 quantitate

188 2723 563 2824 infinitefima,vel
595 2730 717 2824 major
749 2725 986 2837 quantitate
1013 2723 1154 2828 finita,

189 2845 264 2934 vel
298 2838 528 2952 discrepans
560 2838 764 2921 acirculo
796 2847 1023 2954 quantitate
1063 2842 1156 2927 infi.

193 2960 385 3049 nitesrma
431 2959 551 3071 primi
600 2955 787 3061 ordinis,
828 2959 893 3042 vel
924 2965 1153 3076 quantitate

186 3079 453 3169 infinitefima
487 3076 648 3165 secundi
681 3079 861 3168 ordinisr
887 3085 927 3164 δι
958 3100 1054 3163 tunc
1084 3105 1157 3162 an·

151 3204 317 3320 *gulas
348 3204 379 3284 P
409 3203 548 3315 (U,
579 3195 645 3286 seu
677 3204 715 3284 O
746 3205 777 3285 P
807 3205 875 3318 Q
902 3199 967 3286 vel
999 3199 1075 3283 erit
1092 3200 1155 3281 in-

186 3315 432 3408 finitelimus
464 3317 625 3409 secundi
658 3321 841 3426 ordinis,
873 3321 936 3408 vel
969 3319 1044 3405 erit
1091 3321 1153 3402 in-

188 3438 433 3528 finitesrmus
463 3444 582 3553 primi
613 3444 792 3548 ordinis,
827 3443 892 3528 vel
938 3443 1014 3527 erit
1059 3437 1152 3524 lini-

190 3586 261 3655 tus
278 3626 296 3672 ,
326 3567 366 3650 dc
395 3585 564 3680 acutus,
595 3565 659 3652 vel
693 3563 860 3673 finitus,
890 3570 929 3652 δι
973 3563 1148 3770 resttrls,

643 3691 681 3776 K
1023 3709 1072 3771 vt
