3260 4926
532 535 780 740 teriinguli,
804 627 844 708 δι
870 622 921 707 'ex
952 625 1171 714 corollario
1201 627 1500 743 propofitionls

523 753 723 960 peqaavm
771 741 915 834 Altera
955 773 1050 866 pars
1089 745 1237 866 perse
1277 753 1333 840 est
1366 744 1510 854 manif

818 1121 1207 1203 SCHOLIUN.

422 1433 429 1459 r
584 1353 705 1446 llaec
722 1351 1091 1473 'propolrtl'oAitet
1120 1388 1196 1472 pet
1221 1354 1261 1441 se
1286 1355 1419 1457 clara,
1435 1355 1508 1438 al*

523 1484 664 1563 'tamen
696 1475 836 1563 sedulo
867 1480 1149 1592 perpendenda
1186 1478 1271 1561 ests
1320 1474 1504 1556 multum

519 1598 636 1685 enim
680 1598 875 1684 conducit
921 1602 984 1674 sd.
1016 1597 1234 1676 evitandos
1272 1583 1508 1702 paralogis-

475 1781 477 1784 .
523 1739 652 1811 mos,
674 1710 776 1794 ‘dunt
809 1711 946 1822 agitur
976 1711 1026 1792 de
1057 1710 1355 1824 quantitatibus
1401 1706 1506 1790 infi-

524 1825 750 1914 nitefi'mis.
781 1829 943 1910 Etenim
973 1829 1137 1932 innuit,
1168 1831 1281 1944 quod
1326 1829 1421 1913 lieet
1457 1853 1504 1910 a·

529 1949 641 2059 liqna
673 1943 800 2062 figura
843 1943 986 2058 spretis
1016 1949 1313 2066 quantitatibus
1358 1946 1503 2031 infini-

524 2062 681 2172 tesrrnis
713 2063 830 2178 poffit
862 2067 1008 2156 habete
1052 2072 1266 2159 nonnullas
1306 2069 1503 2182 proprie·-

524 2211 635 2276 tates
667 2215 900 2274 communes
931 2191 1022 2276 aliis
1070 2192 1240 2304 figuris,
1282 2187 1503 2273 nihi-lomi-

529 2333 604 2392 nus
623 2336 712 2384 non
727 2307 911 2409 sequitur
928 2312 1038 2383 illam
1064 2311 1213 2386 habere
1236 2333 1374 2384 omnes
1399 2334 1502 2410 pro·-

390 2409 397 2420 ’
529 2421 721 2535 prietates
755 2417 915 2497 istarum
944 2412 1187 2528 figuratum.
1215 2417 1310 2519 Sic,
1328 2444 1500 2532 err..;gt.,

522 2569 580 2626 -ex
612 2529 960 2649 propositionssuus
980 2536 1090 2638 ⁴lX.‚
1122 2539 1201 2638 x„
1234 2538 1316 2646 XI„
1347 2533 1507 2649 spretis-

525 2656 832 2772 quantitatibus
862 2651 1166 2758 infinitesrmis‚
1198 2656 1345 2768 quibus
1376 2655 1500 2742 diffe-

526 2799 625 2860 runt
656 2775 781 2858 latera
823 2773 1014 2885 angulum
1053 2773 1352 2862 infinitesrmum
1383 2807 1498 2864 com-

530 2895 848 3012 prehendentia,
866 2889 1045 3010 sequitur
1068 2895 1194 3009 latera¹
1225 2899 1292 2982 illa
1323 2895 1398 2984 elle
1427 2928 1499 2984 ae·-

530 3017 692 3132 qualia;
724 3043 768 3101 ac
798 3016 971 3128 proinde
1004 3017 1205 3128 triangula
1236 3023 1277 3102 in
1316 3020 1396 3104 hoc
1429 3048 1498 3106 ca·
1574 3117 1578 3126 .

529 3137 576 3224 lu
605 3137 754 3224 habere
787 3140 1041 3245 praecipuam
1083 3141 1393 3248 proprietatem·
1418 3143 1497 3224 tti-

455 3350 478 3358 ‚
529 3259 668 3371 anguli
701 3249 904 3348 isoscelis:
937 3254 1037 3336 male
1069 3283 1118 3336 en
1149 3258 1228 3341 hoc
1259 3258 1349 3370 quis
1392 3267 1497 3344 con.?

532 3376 708 3461 eluderet
739 3371 1170 3485 praediola-triangula
1212 3375 1357 3460 habere
1403 3405 1495 3464 om·
1586 3383 1588 3389 ’

528 3520 610 3577 nes
637 3493 912 3604 proprietates
961 3495 1153 3607 trianguli
1199 3500 1443 3611 aequicruris
1475 3529 1490 3590 a

517 3611 580 3704 'ut
621 3611 763 3711 uidere
805 3614 861 3723 est
896 3610 1146 3734 potiffinrum
1192 3619 1234 3704 in
1281 3620 1491 3821 triasngnlo

1231 3735 1336 3846 pbtu
1358 3762 1426 3826 an-
