3260 4926
581 533 619 596 ‘o

515 655 522 668 ·
563 543 771 718 Aemonst.
804 619 973 712 secunda
1006 652 1127 738 pars.
1158 627 1362 741 Qtoniam'
1391 657 1473 719 an·

502 753 623 871 gulus
657 747 695 834 A
728 748 783 832 est
812 744 1124 856 infiniresrmus,
1169 756 1297 838 redire
1326 752 1366 838 A
1395 755 1473 856 B,
1609 795 1610 882 ι

413 927 420 940 ·
503 876 545 963 A
576 873 605 958 S
633 867 825 956 differunt
856 872 1086 986 quontitate
1118 871 1379 966 infinirelrmu
1401 901 1478 957 or·-
1609 899 1610 948 ;

504 997 614 1082 dinis
645 993 773 1108 duplo
819 992 979 1102 majoris
1023 993 1160 1109 anguli
1187 992 1232 1082 vA
1262 996 1385 1080 telate
1417 992 1476 1080 ad

503 1117 546 1206 A
578 1120 638 1219 B,
670 1113 1009 1230 quemadmodum
1040 1119 1167 1204 restae
1188 1115 1238 1201 'C
1270 1118 1336 1219 B,
1365 1115 1407 1199 C
1443 1115 1477 1200 S

497 1236 699 1324 differunt
739 1240 968 1352 quantitate
1008 1233 1267 1324 infinitelima
1313 1235 1481 1322 ordinis

503 1359 633 1472 duplo
667 1362 839 1468 majoris¹
874 1356 1014 1471 anguli
1038 1358 1116 1446 'Cr
1148 1381 1276 1470 ergO,
1307 1381 1397 1451 cum
1430 1352 1482 1442 A

503 1479 559 1578 S,
593 1473 660 1560 seu
690 1476 779 1560 AB
811 1473 857 1558 fit
888 1472 1118 1560 differentia
1149 1479 1316 1560 laterum
1345 1471 1482 1575 AC,

494 1596 633 1688 SC
662 1597 742 1677 etit
780 1592 1179 1675 etiamdtfferenria
1224 1593 1398 1674 laterum
1431 1587 1481 1675 A

494 1708 577 1810 C,
607 1706 711 1790 BC
762 1699 930 1816 spretis
955 1705 1161 1794 nonnullis
1206 1707 1481 1856 infinitesrtnis

502 1822 775 1934 eespeerivis.
807 1832 931 1937 QE.
962 1833 1002 1906 S.

562 1946 661 2030 Par-s
690 1941 814 2033 tertia
842 1965 957 2063 paret
991 1971 1041 2034 ert
1069 1947 1231 2066 prima.

682 2309 1174 2383 PROPOSITIO
1166 2247 1291 2387 'XV

312 2547 467 2638 ·r²rg..14
457 2461 610 2725 IN
640 2533 845 2650 triangulo
876 2526 1148 2652 obtustngulo
1180 2537 1221 2624 A
1250 2541 1283 2626 B
1309 2537 1383 2642 C,
1429 2539 1479 2626 in

585 2684 671 2770 quo
714 2647 805 2738 sunt
850 2657 933 2740 duo
966 2654 1213 2770 anguliA,
1235 2666 1278 2745 dt
1309 2657 1481 2744 cinti

342 2794 344 2797 ’
504 2775 689 2862 nirefimi
721 2773 865 2862 diversr
890 2776 1079 2881 ordinis,
1108 2778 1187 2862 erit
1216 2775 1478 2882 differentia,
1490 2843 1494 2853 .
1609 2837 1610 2840 ι

502 2923 619 3015 quae
651 2896 906 2983 intercedit
896 2921 1003 2983 mter
1044 2896 1150 2982 latus
1181 2897 1221 2985 A
1245 2901 1291 2984 C
1324 2893 1479 2984 obtuso

503 3015 666 3133 :angulo
697 3015 955 3133 oppositum,
980 3023 1023 3100 &
1054 3018 1178 3102 latera
1210 3020 1337 3121 AB,
1366 3023 1400 3102 B
1428 3020 1478 3104 C

506 3131 704 3225 obtusum
729 3138 926 3249 angulum
964 3137 1250 3241 continentia,
1291 3136 1480 3226 infinite-

356 3254 360 3261 Χ
506 3257 609 3344 Ama
641 3267 724 3363 ejus
756 3255 939 3354 ordinis,
962 3257 1040 3368 qui
1069 3251 1238 3343 resultat
1271 3285 1321 3342 ex
1367 3251 1481 3344 sum·

507 3397 578 3460 rnu
601 3375 794 3460 ordinum
820 3371 1063 3490 angulorum
1094 3375 1162 3481 A,
1192 3377 1328 3464 &C

567 3495 778 3581 Demonst.
811 3494 1082 3600 Differentia,
1112 3525 1216 3613 quae
1257 3499 1476 3585 intercedit
1598 3535 1600 3542 ·

507 3611 620 3700 intet
644 3613 691 3704 A
715 3616 779 3720 S
805 3619 847 3701 &
874 3610 918 3706 A
943 3617 980 3708 B
1006 3616 1066 3731 est
1099 3617 1387 3846 -ἰιιιῑιιίιιΐιιὲιι
1405 3645 1474 3704 οι.

1333 3763 1472 3831 mis
