3234 4926
575 543 595 602 r
633 521 660 598 6

513 543 647 722 &0313
678 633 719 716 in
750 633 853 717 linea
883 623 1216 738 absciffarum,&
1246 629 1345 718 huic
1369 655 1472 746 pun·

513 759 582 842 do
618 750 775 839 infinite
808 757 1024 866 proximat
1053 749 1328 867 supponamus
1372 780 1473 863 pun·

511 879 580 961 tto
612 877 638 960 S
669 898 900 988 competere
931 877 1085 960 unicam
1118 875 1475 975 ordinatam5X5

512 1001 553 1082 δι
583 997 734 1106 puncto
763 997 801 1081 R
831 995 987 1082 unicam
1018 996 1244 1082 ordinatam
1275 996 1308 1078 Z
1339 995 1477 1080 Ram·

513 1114 586 1201 bas
617 1112 840 1228 pofitivas,
871 1140 940 1202 aut
971 1118 1317 1232 negativas,tum
1350 1116 1480 1198 inter-

518 1259 657 1348 ceptas
702 1242 844 1341 XM,
889 1239 994 1323 ZN
1037 1241 1140 1322 inter
1181 1263 1394 1337 curvam,
1438 1235 1480 1315 dc

514 1379 749 1470 tangentem
780 1353 855 1442 eise
885 1357 1022 1442 ambas
1052 1360 1261 1472 negativas
1295 1385 1308 1444 ;
1341 1377 1391 1439 ut
1438 1351 1483 1432 in

517 1473 644 1588 figura
679 1505 781 1582 ψ,
810 1481 850 1562 δι
883 1477 925 1560 itt
956 1476 1036 1562 hoc
1066 1475 1158 1558 casu
1187 1497 1301 1554 arcus
1334 1472 1378 1553 A
1411 1474 1482 1568 D,
1575 1491 1577 1496 ·

515 1596 611 1680 DC
643 1597 765 1678 ambo
794 1617 961 1680 vertunt
990 1589 1288 1676 concavitatem
1312 1585 1366 1672 ad
1395 1587 1486 1670 dia·

518 1733 690 1796 metrum
721 1711 752 1788 B
784 1708 851 1804 A,
883 1731 987 1790 unus
1017 1733 1067 1787 ex
1095 1733 1175 1792 una
1203 1733 1346 1818 parte,
1378 1706 1484 1792 alius

518 1859 569 1912 ex
612 1827 693 1910 alia
739 1820 950 1906 ordinatae
981 1823 1017 1904 B
1045 1828 1115 1908 D.
1160 1829 1270 1942 Ergo
1302 1830 1345 1912 in
1380 1849 1484 1940 pun·

518 1948 586 2031 c'to
618 1948 658 2032 D
689 1967 821 2054 neque
852 1941 907 2024 est
938 1945 1066 2027 flexus
1098 1949 1365 2050 contrarius,
1415 1971 1484 2029 ne.-

451 2119 454 2128 ι
515 2093 595 2182 que
627 2056 850 2178 regressum
878 2056 948 2147 sed
977 2085 1135 2150 tantum
1165 2069 1349 2154 ordinata
1381 2069 1415 2150 B
1445 2067 1486 2149 D

520 2188 598 2274 crit
647 2184 818 2270 maxima
862 2184 1155 2271 exordinatis
1204 2190 1369 2274 istorum
1421 2207 1487 2268 ar·

522 2331 669 2394 cuum.
701 2299 743 2390 Si
776 2299 1000 2414 intercepta
1031 2311 1069 2389 X
1099 2311 1146 2390 M
1178 2303 1274 2388 effer
1319 2303 1489 2414 negati·

521 2447 599 2520 va,
628 2428 669 2504 dc
698 2421 743 2500 N
771 2423 803 2496 Z
833 2419 1028 2524 pofieiva,
1066 2439 1112 2500 ut
1143 2420 1186 2496 in
1217 2416 1347 2529 figura
1383 2428 1489 2517 26.‚

522 2563 620 2624 tunt
651 2559 767 2621 arcus
796 2528 836 2618 A
865 2537 907 2618 D
936 2533 1061 2616 vertit
1093 2536 1423 2637 concavitatem,
1446 2540 1488 2619 δε

520 2667 562 2744 D
594 2660 635 2740 C
665 2653 970 2736 convexitatem
998 2653 1052 2736 ad
1080 2654 1323 2740 diametrum
1346 2655 1394 2754 ,A
1422 2659 1486 2756 Β,
1515 2742 1518 2748 ,

524 2797 627 2858 unus
659 2795 708 2854 tx
741 2767 820 2852 una
850 2788 992 2877 parte,
1023 2768 1125 2856 alius
1156 2801 1206 2858 ex
1251 2775 1326 2861 alia
1372 2774 1486 2861 ordi-

522 2914 641 2977 natae
672 2889 705 2972 B
735 2889 805 2974 D.
841 2887 951 3004 Ergo
979 2893 1169 3002 punctum
1201 2900 1242 2982 D
1274 2898 1349 2981 erit
1380 2921 1486 3008 pun-

525 3014 796 3100 stumflexus
822 3011 1041 3095 contrarii.
1074 3013 1117 3097 si
1163 3015 1207 3100 in
1249 3017 1403 3128 pundo
1449 3014 1484 3096 R

482 3157 484 3161 ’
525 3133 733 3220 ordinatae
763 3125 1175 3246 fint‘imaginariae,
1218 3131 1288 3222 sed
1331 3139 1484 3250 pundo

525 3253 554 3337 S
584 3275 819 3364 competant
852 3249 955 3338 duae
986 3253 1196 3342 ordinatae
1227 3259 1254 3342 S
1283 3261 1362 3358 Χ,
1393 3259 1422 3339 S
1452 3247 1482 3338 Z

526 3373 667 3460 ambae
694 3370 918 3483 pontivae,
946 3382 1014 3447 aut
1049 3374 1297 3479 negativae,
1340 3374 1380 3456 dc
1411 3370 1485 3452 'im

531 3487 752 3606 tercep'ta‘e·
771 3493 808 3564 X
838 3485 915 3584 M,
946 3482 978 3564 Z
1009 3488 1055 3570 M
1086 3485 1160 3571 fint
1191 3487 1330 3581 ambae
1361 3514 1483 3604 nega·
1529 3552 1531 3559 ·

378 3717 383 3729 .
419 3623 420 3627 ‘
528 3607 640 3692 tivae
667 3625 713 3688 ut
742 3595 946 3712 infigura
981 3600 1073 3714 37.2
1096 3631 1192 3697 tunc
1221 3637 1333 3698 arcus
1362 3608 1478 3710 Ao,
